<?xml version="1.0" encoding="UTF-8"?><collection xmlns="http://www.loc.gov/MARC21/slim"><record><leader>00422nam--2200145-i-4500</leader><controlfield tag="001">000006853</controlfield><controlfield tag="002">20161230</controlfield><controlfield tag="005">20161230201027</controlfield><controlfield tag="008">060222s1000------------r-----000-0-eng-d</controlfield><datafield ind1=" " ind2=" " tag="100"><subfield code="a">Collatz, Lothar</subfield></datafield><datafield ind1=" " ind2=" " tag="245"><subfield code="a">Funktionalanalysis und numerische mathematik</subfield></datafield><datafield ind1=" " ind2=" " tag="260"><subfield code="a">Berlin, Springer-verlag, 1964</subfield></datafield><datafield ind1=" " ind2=" " tag="490"><subfield code="a">Die Grundlehren Der Mathematischen Wissenschaf Ten</subfield></datafield><datafield ind1=" " ind2=" " tag="852"><subfield code="a">19916</subfield><subfield code="c">517.5</subfield></datafield><datafield ind1=" " ind2=" " tag="CAT"><subfield code="a">Sys</subfield><subfield code="c">20080801</subfield><subfield code="h">102835</subfield></datafield></record></collection>